<?xml version="1.0" encoding="UTF-8" ?>
<collection xmlns:xsi="http://www.w3.org/2001/XMLSchema-instance" xsi:schemaLocation="http://www.loc.gov/MARC21/slim http://www.loc.gov/standards/marcxml/schema/MARC21slim.xsd" xmlns="http://www.loc.gov/MARC21/slim">
   <record>
      <leader>     mam a22      a 4500</leader>
      <controlfield tag="001">1926592</controlfield>
      <controlfield tag="003">COO</controlfield>
      <controlfield tag="005">20140820202144.0</controlfield>
      <controlfield tag="008">850717s1911    ua a     b    000 0 ara d</controlfield>
      <datafield tag="010" ind1=" " ind2=" ">
         <subfield code="a">   60034364  </subfield>
      </datafield>
      <datafield tag="035" ind1=" " ind2=" ">
         <subfield code="a">(NIC)notisAJZ0359</subfield>
      </datafield>
      <datafield tag="035" ind1=" " ind2=" ">
         <subfield code="a">(OCoLC)64025465</subfield>
      </datafield>
      <datafield tag="035" ind1=" " ind2=" ">
         <subfield code="a">1926592</subfield>
      </datafield>
      <datafield tag="040" ind1=" " ind2=" ">
         <subfield code="a">PU</subfield>
         <subfield code="c">PSt</subfield>
         <subfield code="d">NIC</subfield>
      </datafield>
      <datafield tag="043" ind1=" " ind2=" ">
         <subfield code="a">a-su---</subfield>
         <subfield code="a">f-ua---</subfield>
      </datafield>
      <datafield tag="050" ind1="0" ind2=" ">
         <subfield code="a">BP187.3</subfield>
         <subfield code="b">.B3 1911</subfield>
      </datafield>
      <datafield tag="090" ind1=" " ind2=" ">
         <subfield code="a">BP187.3</subfield>
         <subfield code="b">.B3 1911</subfield>
      </datafield>
      <datafield tag="100" ind1="1" ind2=" ">
         <subfield code="a">Batanūnī, Muḥammad Labīb.</subfield>
      </datafield>
      <datafield tag="245" ind1="1" ind2="3">
         <subfield code="a">al-Riḥlah al-Ḥijāzīyah :</subfield>
         <subfield code="b">li-walīy al-niʻam al-ḥāj ʻAbbās Ḥilmī Bāshā al-thānī Khidīwī Miṣr /</subfield>
         <subfield code="c">bi-qalam Muḥammad Labīb al-Batanūnī.</subfield>
      </datafield>
      <datafield tag="250" ind1=" " ind2=" ">
         <subfield code="a">al-Ṭabʻah 2 (baʻda tanqīḥihā wa-tahdhībihā wa-ziyādat ashyāʾ kathīrah muhimmah ʻalayhā).</subfield>
      </datafield>
      <datafield tag="260" ind1=" " ind2=" ">
         <subfield code="a">[S.l. :</subfield>
         <subfield code="b">s.n. ;</subfield>
         <subfield code="c">1911]</subfield>
         <subfield code="e">(al-Qāhirah :</subfield>
         <subfield code="f">Ṭubiʻa bi-Maṭbaʻat al-Jammālīyah)</subfield>
      </datafield>
      <datafield tag="300" ind1=" " ind2=" ">
         <subfield code="a">4, 54, 334 p. :</subfield>
         <subfield code="b">ill.,</subfield>
         <subfield code="c">24 cm.</subfield>
      </datafield>
      <datafield tag="504" ind1=" " ind2=" ">
         <subfield code="a">Includes bibliographical references.</subfield>
      </datafield>
      <datafield tag="600" ind1="0" ind2="0">
         <subfield code="a">ʻAbbās</subfield>
         <subfield code="b">II,</subfield>
         <subfield code="c">Khedive of Egypt,</subfield>
         <subfield code="d">1874-1944.</subfield>
      </datafield>
      <datafield tag="650" ind1=" " ind2="0">
         <subfield code="a">Pilgrims and pilgrimages</subfield>
         <subfield code="z">Saudi Arabia</subfield>
         <subfield code="z">Mecca.</subfield>
      </datafield>
      <datafield tag="651" ind1=" " ind2="0">
         <subfield code="a">Hejaz (Saudi Arabia)</subfield>
      </datafield>
      <datafield tag="651" ind1=" " ind2="0">
         <subfield code="a">Mecca (Saudi Arabia)</subfield>
      </datafield>
      <datafield tag="651" ind1=" " ind2="0">
         <subfield code="a">Medina (Saudi Arabia)</subfield>
      </datafield>
      <datafield tag="903" ind1=" " ind2=" ">
         <subfield code="a">Google</subfield>
         <subfield code="d">20130423</subfield>
         <subfield code="p">31924060316035</subfield>
      </datafield>
      <datafield tag="905" ind1=" " ind2=" ">
         <subfield code="a">19980910120000.0</subfield>
      </datafield>
      <datafield tag="903" ind1=" " ind2=" ">
         <subfield code="a">NYUACO</subfield>
         <subfield code="d">20141028</subfield>
         <subfield code="p">31924060316035</subfield>
      </datafield>
      <datafield tag="950" ind1=" " ind2=" ">
         <subfield code="a">BP187.3</subfield>
         <subfield code="b">.B32 1911</subfield>
         <subfield code="v"> </subfield>
      </datafield>
   </record>
</collection>
